@book{comtet2012advanced,
  title={Advanced Combinatorics: The art of finite and infinite expansions},
  author={Comtet, Louis},
  year={2012},
  publisher={Springer Science \& Business Media}
}

@book{bleistein1975asymptotic,
  title={Asymptotic expansions of integrals},
  author={Bleistein, Norman and Handelsman, Richard A},
  year={1975},
  publisher={Ardent Media}
}

@article{corless1996lambertw,
  title={On the LambertW function},
  author={Corless, Robert M and Gonnet, Gaston H and Hare, David EG and Jeffrey, David J and Knuth, Donald E},
  journal={Advances in Computational mathematics},
  volume={5},
  number={1},
  pages={329--359},
  year={1996},
  publisher={Springer}
}
