@article{milburn1986quantum,
        title={Quantum and classical Liouville dynamics of the anharmonic oscillator},
        author={Milburn, Gerard J},
        journal={Physical Review A},
        volume={33},
        number={1},
        pages={674},
        year={1986},
        publisher={APS}
      }
      